@Article{kmeans,
	author={S. Dasgupta}, 
	title={The hardness of k-means clustering},
	journal={Technical Report CS2007-0890},
	publisher={University of California, San Diego}, 
	year={2007}
}

@Article{kmeans2,
	author={M. Mahajana, P. Nimbhorkar, and K. Varadarajan},
    title={The planar k-means problem is NP-hard},
    journal={Theoretical Computer Science},
    volume={442},
    pages={13â€“21},
    year={2012}
}

@Article{alphacenter,
	author={P. Awasthi, A. Blum, and O. Sheffet},
    title={Center-based clustering under perturbation stability},
    journal={Inf. Process. Lett.},
    volume={112},
    pages={49-54},
    year={2012}
}

@Article{kmed,
	author={S. Ben-David and L. Reyzin},
    title={Data stability in clustering: A closer look},
    journal={Theoretical Computer Science},
    volume={558},
    pages={51-61},
    year={2014}
}

@InProceedings{noise1,
  Title= {Clustering in the presence of background noise},
  Author= {S. Ben-David and N. Haghtalab},
  Booktitle= {Proceedings of the 31st International Conference on Machine Learning},
  Year= {2014},
  Pages= {280-288}
}

@InProceedings{noise2,
  Title= {Finding Meaningful Cluster Structure Amidst Background Noise},
  Author= {S. Kushagra, S. Samadi, and S. Ben-David},
  Booktitle= {Proceedings of the 27th International Conference on Algorithmic Learning Theory},
  Year= {2016},
  Pages= {339-354}
}

@InProceedings{Balcan,
  Title= {Clustering under perturbation resilience},
  Author= {M. Balcan and Y. Liang},
  Booktitle= {ICALP},
  Volume= {1},
  Year= {2012},
  Pages= {63-74}
}